@inproceedings{ribeiro2016should,
    title = {{"Why should i trust you?" Explaining the predictions of any classifier}},
    year = {2016},
    booktitle = {Proceedings of the 22nd ACM SIGKDD international conference on knowledge discovery and data mining},
    author = {Ribeiro, Marco Tulio and Singh, Sameer and Guestrin, Carlos},
    pages = {1135--1144}
}

@article{wang2021deep,
    title = {{A deep learning algorithm using CT images to screen for Corona Virus Disease (COVID-19)}},
    year = {2021},
    journal = {European radiology},
    author = {Wang, Shuai and Kang, Bo and Ma, Jinlu and Zeng, Xianjun and Xiao, Mingming and Guo, Jia and Cai, Mengjiao and Yang, Jingyi and Li, Yaodong and Meng, Xiangfei and {others}},
    pages = {1--9},
    publisher = {Springer}
}

@article{wang2021deepb,
    title = {{A deep learning algorithm using CT images to screen for Corona Virus Disease (COVID-19)}},
    year = {2021},
    journal = {European radiology},
    author = {Wang, Shuai and Kang, Bo and Ma, Jinlu and Zeng, Xianjun and Xiao, Mingming and Guo, Jia and Cai, Mengjiao and Yang, Jingyi and Li, Yaodong and Meng, Xiangfei and {others}},
    pages = {1--9},
    publisher = {Springer}
}

@article{wang2020fully,
    title = {{A fully automatic deep learning system for COVID-19 diagnostic and prognostic analysis}},
    year = {2020},
    journal = {European Respiratory Journal},
    author = {Wang, Shuo and Zha, Yunfei and Li, Weimin and Wu, Qingxia and Li, Xiaohu and Niu, Meng and Wang, Meiyun and Qiu, Xiaoming and Li, Hongjun and Yu, He and {others}},
    number = {2},
    volume = {56},
    publisher = {Eur Respiratory Soc}
}

@article{robbins1951stochastic,
    title = {{A stochastic approximation method}},
    year = {1951},
    journal = {The annals of mathematical statistics},
    author = {Robbins, Herbert and Monro, Sutton},
    pages = {400--407},
    publisher = {JSTOR}
}

@article{choi2021active,
    title = {{Active-beacon-based driver sound separation system for autonomous vehicle applications}},
    year = {2021},
    journal = {Applied Acoustics},
    author = {Choi, Hojong and Park, Junghun and Lim, Wansu and Yang, Yeon-Mo},
    pages = {107549},
    volume = {171},
    publisher = {Elsevier}
}

@article{kingma2014adam,
    title = {{Adam: A method for stochastic optimization}},
    year = {2014},
    journal = {arXiv preprint arXiv:1412.6980},
    author = {Kingma, Diederik P and Ba, Jimmy}
}

@inproceedings{rezaei2020addressing,
    title = {{Addressing Imbalance in Multi-Label Classification Using Weighted Cross Entropy Loss Function}},
    year = {2020},
    booktitle = {2020 27th National and 5th International Iranian Conference on Biomedical Engineering (ICBME)},
    author = {Rezaei-Dastjerdehei, Mohammad Reza and Mijani, Amirmohammad and Fatemizadeh, Emad},
    pages = {333--338},
    organization = {IEEE}
}

@article{dosovitskiy2020image,
    title = {{An image is worth 16x16 words: Transformers for image recognition at scale}},
    year = {2020},
    journal = {arXiv preprint arXiv:2010.11929},
    author = {Dosovitskiy, Alexey and Beyer, Lucas and Kolesnikov, Alexander and Weissenborn, Dirk and Zhai, Xiaohua and Unterthiner, Thomas and Dehghani, Mostafa and Minderer, Matthias and Heigold, Georg and Gelly, Sylvain and {others}}
}

@article{ardakani2020application,
    title = {{Application of deep learning technique to manage COVID-19 in routine clinical practice using CT images: Results of 10 convolutional neural networks}},
    year = {2020},
    journal = {Computers in biology and medicine},
    author = {Ardakani, Ali Abbasian and Kanafi, Alireza Rajabzadeh and Acharya, U Rajendra and Khadem, Nazanin and Mohammadi, Afshin},
    pages = {103795},
    volume = {121},
    publisher = {Elsevier}
}

@article{bai2020artificial,
    title = {{Artificial intelligence augmentation of radiologist performance in distinguishing COVID-19 from pneumonia of other origin at chest CT}},
    year = {2020},
    journal = {Radiology},
    author = {Bai, Harrison X and Wang, Robin and Xiong, Zeng and Hsieh, Ben and Chang, Ken and Halsey, Kasey and Tran, Thi My Linh and Choi, Ji Whae and Wang, Dong-Cui and Shi, Lin-Bo and {others}},
    number = {3},
    pages = {E156--E165},
    volume = {296},
    publisher = {Radiological Society of North America}
}

@article{mei2020artificial,
    title = {{Artificial intelligence--enabled rapid diagnosis of patients with COVID-19}},
    year = {2020},
    journal = {Nature Medicine},
    author = {Mei, Xueyan and Lee, Hao-Chih and Diao, Kai-yue and Huang, Mingqian and Lin, Bin and Liu, Chenyu and Xie, Zongyu and Ma, Yixuan and Robson, Philip M and Chung, Michael and {others}},
    pages = {1--5},
    publisher = {Nature Publishing Group}
}

@article{vaswani2017attention,
    title = {{Attention is all you need}},
    year = {2017},
    journal = {Advances in neural information processing systems},
    author = {Vaswani, Ashish and Shazeer, Noam and Parmar, Niki and Uszkoreit, Jakob and Jones, Llion and Gomez, Aidan N and Kaiser, ≈Åukasz and Polosukhin, Illia},
    volume = {30}
}

@article{ioffe2015batch,
    title = {{Batch normalization: Accelerating deep network training by reducing internal covariate shift}},
    year = {2015},
    journal = {arXiv preprint arXiv:1502.03167},
    author = {Ioffe, Sergey and Szegedy, Christian}
}

@article{devlin2018bert,
    title = {{Bert: Pre-training of deep bidirectional transformers for language understanding}},
    year = {2018},
    journal = {arXiv preprint arXiv:1810.04805},
    author = {Devlin, Jacob and Chang, Ming-Wei and Lee, Kenton and Toutanova, Kristina}
}

@book{mooney1993bootstrapping,
    title = {{Bootstrapping: A nonparametric approach to statistical inference}},
    year = {1993},
    author = {Mooney, Christopher Z and Mooney, Christopher F and Mooney, Christopher L and Duval, Robert D and Duvall, Robert},
    number = {95},
    publisher = {sage}
}

@misc{mongan2020checklist,
    title = {{Checklist for Artificial Intelligence in Medical Imaging (CLAIM): A guide for authors and reviewers}},
    year = {2020},
    author = {Mongan, John and Moy, Linda and Kahn Jr, Charles E},
    publisher = {Radiological Society of North America},
    url = {https://pubs.rsna.org/doi/full/10.1148/ryai.2020200029}
}

@article{caruso2020chest,
    title = {{Chest CT features of COVID-19 in Rome, Italy}},
    year = {2020},
    journal = {Radiology},
    author = {Caruso, Damiano and Zerunian, Marta and Polici, Michela and Pucciarelli, Francesco and Polidori, Tiziano and Rucci, Carlotta and Guido, Gisella and Bracci, Benedetta and de Dominicis, Chiara and Laghi, Andrea},
    pages = {201237},
    publisher = {Radiological Society of North America}
}

@article{roberts2021common,
    title = {{Common pitfalls and recommendations for using machine learning to detect and prognosticate for COVID-19 using chest radiographs and CT scans}},
    year = {2021},
    journal = {Nature Machine Intelligence},
    author = {Roberts, Michael and Driggs, Derek and Thorpe, Matthew and Gilbey, Julian and Yeung, Michael and Ursprung, Stephan and Aviles-Rivero, Angelica I and Etmann, Christian and McCague, Cathal and Beer, Lucian and {others}},
    number = {3},
    pages = {199--217},
    volume = {3},
    publisher = {Nature Publishing Group},
    url = {https://www.nature.com/articles/s42256-021-00307-0}
}

@article{rudyanto2014comparing,
    title = {{Comparing algorithms for automated vessel segmentation in computed tomography scans of the lung: the VESSEL12 study}},
    year = {2014},
    journal = {Medical image analysis},
    author = {Rudyanto, Rina D and Kerkstra, Sjoerd and Van Rikxoort, Eva M and Fetita, Catalin and Brillet, Pierre-Yves and Lefevre, Christophe and Xue, Wenzhe and Zhu, Xiangjun and Liang, Jianming and {\"{O}}ks{\"{u}}z, Ilkay and {others}},
    number = {7},
    pages = {1217--1232},
    volume = {18},
    publisher = {Elsevier}
}

@book{seeram2015computed,
    title = {{Computed Tomography-E-Book: Physical Principles, Clinical Applications, and Quality Control}},
    year = {2015},
    author = {Seeram, Euclid},
    publisher = {Elsevier Health Sciences}
}

@misc{WorldHealthOrganization2020CoronavirusReports,
    title = {{Coronavirus Disease (COVID-19) Situation Reports}},
    year = {2020},
    author = {{World Health Organization}},
    url = {https://www.who.int/emergencies/diseaases/novel-coronavirus-2019/situation-reports}
}

@article{zhu2020ct,
    title = {{CT imaging features of 4121 patients with COVID-19: A meta-analysis}},
    year = {2020},
    journal = {Journal of medical virology},
    author = {Zhu, Jieyun and Zhong, Zhimei and Li, Hongyuan and Ji, Pan and Pang, Jielong and Li, Bocheng and Zhang, Jianfeng},
    number = {7},
    pages = {891--902},
    volume = {92},
    publisher = {Wiley Online Library}
}

@article{goncharov2021ct,
    title = {{Ct-based covid-19 triage: Deep multitask learning improves joint identification and severity quantification}},
    year = {2021},
    journal = {Medical Image Analysis},
    author = {Goncharov, Mikhail and Pisov, Maxim and Shevtsov, Alexey and Shirokikh, Boris and Kurmukov, Anvar and Blokhin, Ivan and Chernina, Valeria and Solovev, Alexander and Gombolevskiy, Victor and Morozov, Sergey and {others}},
    pages = {102054},
    publisher = {Elsevier},
    url = {https://www.sciencedirect.com/science/article/pii/S1361841521001006}
}

@misc{aerts2019data,
    title = {{Data from NSCLC-radiomics [data set]. The cancer imaging archive}},
    year = {2019},
    author = {Aerts, HJWL and Wee, L and Rios Velazquez, E and Leijenaar, R T H and Parmar, C and Grossmann, P and Lambin, P}
}

@article{riaz2020deep,
    title = {{Deep and densely connected networks for classification of diabetic retinopathy}},
    year = {2020},
    journal = {Diagnostics},
    author = {Riaz, Hamza and Park, Jisu and Choi, Hojong and Kim, Hyunchul and Kim, Jungsuk},
    number = {1},
    pages = {24},
    volume = {10},
    publisher = {Multidisciplinary Digital Publishing Institute}
}

@inproceedings{Peters2018DeepRepresentations,
    title = {{Deep contextualized word representations}},
    year = {2018},
    booktitle = {NAACL HLT 2018 - 2018 Conference of the North American Chapter of the Association for Computational Linguistics: Human Language Technologies - Proceedings of the Conference},
    author = {Peters, Matthew E. and Neumann, Mark and Iyyer, Mohit and Gardner, Matt and Clark, Christopher and Lee, Kenton and Zettlemoyer, Luke},
    pages = {2227--2237},
    volume = {1},
    isbn = {9781948087278},
    doi = {10.18653/v1/n18-1202},
    arxivId = {1802.05365}
}

@book{goodfellow2016deep,
    title = {{Deep learning}},
    year = {2016},
    author = {Goodfellow, Ian and Bengio, Yoshua and Courville, Aaron},
    publisher = {MIT press},
    url = {https://www.deeplearningbook.org/}
}

@book{goodfellow2016deepb,
    title = {{Deep learning}},
    year = {2016},
    author = {Goodfellow, Ian and Bengio, Yoshua and Courville, Aaron},
    publisher = {MIT press},
    url = {https://www.deeplearningbook.org/}
}

@inproceedings{he2016deep,
    title = {{Deep residual learning for image recognition}},
    year = {2016},
    booktitle = {Proceedings of the IEEE conference on computer vision and pattern recognition},
    author = {He, Kaiming and Zhang, Xiangyu and Ren, Shaoqing and Sun, Jian},
    pages = {770--778}
}

@inproceedings{huang2017densely,
    title = {{Densely connected convolutional networks}},
    year = {2017},
    booktitle = {Proceedings of the IEEE conference on computer vision and pattern recognition},
    author = {Huang, Gao and Liu, Zhuang and Van Der Maaten, Laurens and Weinberger, Kilian Q},
    pages = {4700--4708}
}

@article{esteva2017dermatologist,
    title = {{Dermatologist-level classification of skin cancer with deep neural networks}},
    year = {2017},
    journal = {nature},
    author = {Esteva, Andre and Kuprel, Brett and Novoa, Roberto A and Ko, Justin and Swetter, Susan M and Blau, Helen M and Thrun, Sebastian},
    number = {7639},
    pages = {115--118},
    volume = {542},
    publisher = {Nature Publishing Group}
}

@article{gulshan2016development,
    title = {{Development and validation of a deep learning algorithm for detection of diabetic retinopathy in retinal fundus photographs}},
    year = {2016},
    journal = {Jama},
    author = {Gulshan, Varun and Peng, Lily and Coram, Marc and Stumpe, Martin C and Wu, Derek and Narayanaswamy, Arunachalam and Venugopalan, Subhashini and Widner, Kasumi and Madams, Tom and Cuadros, Jorge and {others}},
    number = {22},
    pages = {2402--2410},
    volume = {316},
    publisher = {American Medical Association}
}

@article{long2020diagnosis,
    title = {{Diagnosis of the Coronavirus disease (COVID-19): rRT-PCR or CT?}},
    year = {2020},
    journal = {European journal of radiology},
    author = {Long, Chunqin and Xu, Huaxiang and Shen, Qinglin and Zhang, Xianghai and Fan, Bing and Wang, Chuanhong and Zeng, Bingliang and Li, Zicong and Li, Xiaofen and Li, Honglu},
    pages = {108961},
    volume = {126},
    publisher = {Elsevier}
}

@article{he2020diagnostic,
    title = {{Diagnostic performance between CT and initial real-time RT-PCR for clinically suspected 2019 coronavirus disease (COVID-19) patients outside Wuhan, China}},
    year = {2020},
    journal = {Respiratory Medicine},
    author = {He, Jian-Long and Luo, Lin and Luo, Zhen-Dong and Lyu, Jian-Xun and Ng, Ming-Yen and Shen, Xin-Ping and Wen, Zhibo},
    pages = {105980},
    publisher = {Elsevier}
}

@book{zhang2020dive,
    title = {{Dive into Deep Learning}},
    year = {2020},
    author = {Zhang, Aston and Lipton, Zachary C and Li, Mu and Smola, Alexander J}
}

@book{zhang2020diveb,
    title = {{Dive into Deep Learning}},
    year = {2020},
    author = {Zhang, Aston and Lipton, Zachary C and Li, Mu and Smola, Alexander J}
}

@inproceedings{tan2019efficientnet,
    title = {{Efficientnet: Rethinking model scaling for convolutional neural networks}},
    year = {2019},
    booktitle = {International Conference on Machine Learning},
    author = {Tan, Mingxing and Le, Quoc},
    pages = {6105--6114},
    organization = {PMLR}
}

@inproceedings{tan2019efficientnetb,
    title = {{Efficientnet: Rethinking model scaling for convolutional neural networks}},
    year = {2019},
    booktitle = {International Conference on Machine Learning},
    author = {Tan, Mingxing and Le, Quoc},
    pages = {6105--6114},
    organization = {PMLR}
}

@inproceedings{lin2017feature,
    title = {{Feature pyramid networks for object detection}},
    year = {2017},
    booktitle = {Proceedings of the IEEE conference on computer vision and pattern recognition},
    author = {Lin, Tsung-Yi and Doll{\'{a}}r, Piotr and Girshick, Ross and He, Kaiming and Hariharan, Bharath and Belongie, Serge},
    pages = {2117--2125}
}

@inproceedings{lin2017featureb,
    title = {{Feature pyramid networks for object detection}},
    year = {2017},
    booktitle = {Proceedings of the IEEE conference on computer vision and pattern recognition},
    author = {Lin, Tsung-Yi and Doll{\'{a}}r, Piotr and Girshick, Ross and He, Kaiming and Hariharan, Bharath and Belongie, Serge},
    pages = {2117--2125}
}

@inproceedings{graves2005framewise,
    title = {{Framewise phoneme classification with bidirectional LSTM networks}},
    year = {2005},
    booktitle = {Proceedings. 2005 IEEE International Joint Conference on Neural Networks, 2005.},
    author = {Graves, Alex and Schmidhuber, J√ºrgen},
    pages = {2047--2052},
    volume = {4},
    organization = {IEEE}
}

@article{wong2020frequency,
    title = {{Frequency and distribution of chest radiographic findings in patients positive for COVID-19}},
    year = {2020},
    journal = {Radiology},
    author = {Wong, Ho Yuen Frank and Lam, Hiu Yin Sonia and Fong, Ambrose Ho-Tung and Leung, Siu Ting and Chin, Thomas Wing-Yan and Lo, Christine Shing Yen and Lui, Macy Mei-Sze and Lee, Jonan Chun Yin and Chiu, Keith Wan-Hang and Chung, Tom Wai-Hin and {others}},
    number = {2},
    pages = {E72--E78},
    volume = {296},
    publisher = {Radiological Society of North America}
}

@inproceedings{szegedy2015going,
    title = {{Going deeper with convolutions}},
    year = {2015},
    booktitle = {Proceedings of the IEEE conference on computer vision and pattern recognition},
    author = {Szegedy, Christian and Liu, Wei and Jia, Yangqing and Sermanet, Pierre and Reed, Scott and Anguelov, Dragomir and Erhan, Dumitru and Vanhoucke, Vincent and Rabinovich, Andrew},
    pages = {1--9}
}

@inproceedings{selvaraju2017grad,
    title = {{Grad-cam: Visual explanations from deep networks via gradient-based localization}},
    year = {2017},
    booktitle = {Proceedings of the IEEE international conference on computer vision},
    author = {Selvaraju, Ramprasaath R and Cogswell, Michael and Das, Abhishek and Vedantam, Ramakrishna and Parikh, Devi and Batra, Dhruv},
    pages = {618--626}
}

@article{lecun1998gradient,
    title = {{Gradient-based learning applied to document recognition}},
    year = {1998},
    journal = {Proceedings of the IEEE},
    author = {LeCun, Yann and Bottou, L√©on and Bengio, Yoshua and Haffner, Patrick},
    number = {11},
    pages = {2278--2324},
    volume = {86},
    publisher = {Ieee}
}

@inproceedings{lecun1990handwritten,
    title = {{Handwritten digit recognition with a back-propagation network}},
    year = {1990},
    booktitle = {Advances in neural information processing systems},
    author = {LeCun, Yann and Boser, Bernhard E and Denker, John S and Henderson, Donnie and Howard, Richard E and Hubbard, Wayne E and Jackel, Lawrence D},
    pages = {396--404}
}

@article{le1989handwritten,
    title = {{Handwritten digit recognition: Applications of neural network chips and automatic learning}},
    year = {1989},
    journal = {IEEE Communications Magazine},
    author = {Le Cun, Yann and Jackel, Lionel D and Boser, Brian and Denker, John S and Graf, Henry P and Guyon, Isabelle and Henderson, Don and Howard, Richard E and Hubbard, William},
    number = {11},
    pages = {41--46},
    volume = {27},
    publisher = {IEEE}
}

@article{li2017hyperband,
    title = {{Hyperband: A novel bandit-based approach to hyperparameter optimization}},
    year = {2017},
    journal = {The Journal of Machine Learning Research},
    author = {Li, Lisha and Jamieson, Kevin and DeSalvo, Giulia and Rostamizadeh, Afshin and Talwalkar, Ameet},
    number = {1},
    pages = {6765--6816},
    volume = {18},
    publisher = {JMLR. org}
}

@article{Li2017,
    title = {{Hyperband: A Novel Bandit-Based Approach to Hyperparameter Optimization}},
    year = {2017},
    journal = {J. Mach. Learn. Res.},
    author = {Li, Lisha and Jamieson, Kevin and DeSalvo, Giulia and Rostamizadeh, Afshin and Talwalkar, Ameet},
    number = {1},
    month = {1},
    pages = {6765‚Äì6816},
    volume = {18},
    publisher = {JMLR.org},
    issn = {1532-4435}
}

@article{lacerda2021hyperparameter,
    title = {{Hyperparameter Optimization for COVID-19 Pneumonia Diagnosis Based on Chest CT}},
    year = {2021},
    journal = {Sensors},
    author = {Lacerda, Paulo and Barros, Bruno and Albuquerque, C√©lio and Conci, Aura},
    number = {6},
    pages = {2174},
    volume = {21},
    publisher = {Multidisciplinary Digital Publishing Institute}
}

@article{Russakovsky2014,
    title = {{ImageNet Large Scale Visual Recognition Challenge}},
    year = {2014},
    journal = {International Journal of Computer Vision},
    author = {Russakovsky, Olga and Deng, Jia and Su, Hao and Krause, Jonathan and Satheesh, Sanjeev and Ma, Sean and Huang, Zhiheng and Karpathy, Andrej and Khosla, Aditya and Bernstein, Michael and Berg, Alexander C and Fei-Fei, Li},
    number = {3},
    month = {9},
    pages = {211--252},
    volume = {115},
    publisher = {Springer New York LLC},
    url = {http://arxiv.org/abs/1409.0575},
    arxivId = {1409.0575}
}

@article{russakovsky2015imagenet,
    title = {{Imagenet large scale visual recognition challenge}},
    year = {2015},
    journal = {International journal of computer vision},
    author = {Russakovsky, Olga and Deng, Jia and Su, Hao and Krause, Jonathan and Satheesh, Sanjeev and Ma, Sean and Huang, Zhiheng and Karpathy, Andrej and Khosla, Aditya and Bernstein, Michael and {others}},
    number = {3},
    pages = {211--252},
    volume = {115},
    publisher = {Springer}
}

@inproceedings{deng2009imagenet,
    title = {{Imagenet: A large-scale hierarchical image database}},
    year = {2009},
    booktitle = {2009 IEEE conference on computer vision and pattern recognition},
    author = {Deng, Jia and Dong, Wei and Socher, Richard and Li, Li-Jia and Li, Kai and Fei-Fei, Li},
    pages = {248--255},
    organization = {Ieee}
}

@article{sola1997importance,
    title = {{Importance of input data normalization for the application of neural networks to complex industrial problems}},
    year = {1997},
    journal = {IEEE Transactions on nuclear science},
    author = {Sola, Jorge and Sevilla, Joaquin},
    number = {3},
    pages = {1464--1468},
    volume = {44},
    publisher = {IEEE}
}

@article{sola1997importanceb,
    title = {{Importance of input data normalization for the application of neural networks to complex industrial problems}},
    year = {1997},
    journal = {IEEE Transactions on nuclear science},
    author = {Sola, Jorge and Sevilla, Joaquin},
    number = {3},
    pages = {1464--1468},
    volume = {44},
    publisher = {IEEE}
}

@article{radford2018improving,
    title = {{Improving language understanding by generative pre-training}},
    year = {2018},
    author = {Radford, Alec and Narasimhan, Karthik and Salimans, Tim and Sutskever, Ilya}
}

@inproceedings{szegedy2017inception,
    title = {{Inception-v4, inception-resnet and the impact of residual connections on learning}},
    year = {2017},
    booktitle = {Thirty-first AAAI conference on artificial intelligence},
    author = {Szegedy, Christian and Ioffe, Sergey and Vanhoucke, Vincent and Alemi, Alexander A}
}

@inproceedings{szegedy2017inceptionb,
    title = {{Inception-v4, inception-resnet and the impact of residual connections on learning}},
    year = {2017},
    booktitle = {Thirty-first AAAI conference on artificial intelligence},
    author = {Szegedy, Christian and Ioffe, Sergey and Vanhoucke, Vincent and Alemi, Alexander A}
}

@article{santos2020initial,
    title = {{Initial results of the use of a standardized diagnostic criteria for chest computed tomography findings in coronavirus disease 2019}},
    year = {2020},
    journal = {Journal of computer assisted tomography},
    author = {Santos, Jo√£o Manoel Miranda Magalh√£es and Fonseca, Ana Paula Alves and Anastacio, Eduardo Pinheiro Zarattini and Minenelli, Fernanda Formagio and de Albuquerque Cavalcanti, Conrado Furtado and da Silva Teles, Gustavo Borges},
    number = {5},
    pages = {647--651},
    volume = {44},
    publisher = {LWW}
}

@misc{chollet2015keras,
    title = {{Keras}},
    year = {2015},
    author = {Chollet, Fran√ßois and {others}},
    publisher = {GitHub},
    howpublished = {{\textbackslash}url{\{}https://github.com/fchollet/keras{\}}}
}

@misc{chollet2015kerasb,
    title = {{Keras}},
    year = {2015},
    author = {Chollet, Fran√ßois and {others}},
    publisher = {GitHub},
    howpublished = {{\textbackslash}url{\{}https://github.com/fchollet/keras{\}}}
}

@misc{chollet2015kerasc,
    title = {{Keras}},
    year = {2015},
    author = {Chollet, Fran√ßois and {others}},
    publisher = {GitHub},
    howpublished = {{\textbackslash}url{\{}https://github.com/fchollet/keras{\}}}
}

@article{ba2016layer,
    title = {{Layer normalization}},
    year = {2016},
    journal = {arXiv preprint arXiv:1607.06450},
    author = {Ba, Jimmy Lei and Kiros, Jamie Ryan and Hinton, Geoffrey E}
}

@article{bengio1994learning,
    title = {{Learning long-term dependencies with gradient descent is difficult}},
    year = {1994},
    journal = {IEEE transactions on neural networks},
    author = {Bengio, Yoshua and Simard, Patrice and Frasconi, Paolo},
    number = {2},
    pages = {157--166},
    volume = {5},
    publisher = {IEEE}
}

@article{Rumelhart1986,
    title = {{Learning representations by back-propagating errors}},
    year = {1986},
    journal = {Nature},
    author = {Rumelhart, David E and Hinton, Geoffrey E and Williams, Ronald J},
    number = {6088},
    pages = {533--536},
    volume = {323},
    publisher = {Nature Publishing Group},
    url = {https://www.nature.com/articles/323533a0},
    doi = {10.1038/323533a0},
    issn = {00280836}
}

@inproceedings{zoph2018learning,
    title = {{Learning transferable architectures for scalable image recognition}},
    year = {2018},
    booktitle = {Proceedings of the IEEE conference on computer vision and pattern recognition},
    author = {Zoph, Barret and Vasudevan, Vijay and Shlens, Jonathon and Le, Quoc V},
    pages = {8697--8710}
}

@article{hochreiter1997long,
    title = {{Long short-term memory}},
    year = {1997},
    journal = {Neural computation},
    author = {Hochreiter, Sepp and Schmidhuber, J√ºrgen},
    number = {8},
    pages = {1735--1780},
    volume = {9},
    publisher = {MIT Press}
}

@misc{van2019luna16,
    title = {{LUNA16 Part 1/2}},
    year = {2019},
    author = {van Ginneken, Bram and Jacobs, Colin},
    publisher = {March}
}

@inproceedings{bergstra2013making,
    title = {{Making a science of model search: Hyperparameter optimization in hundreds of dimensions for vision architectures}},
    year = {2013},
    booktitle = {International conference on machine learning},
    author = {Bergstra, James and Yamins, Daniel and Cox, David},
    pages = {115--123},
    organization = {PMLR}
}

@book{dhawan2011medical,
    title = {{Medical image analysis}},
    year = {2011},
    author = {Dhawan, Atam P},
    volume = {31},
    publisher = {John Wiley {\textbackslash}{\&} Sons}
}

@article{Sandler2018,
    title = {{MobileNetV2: Inverted Residuals and Linear Bottlenecks}},
    year = {2018},
    journal = {Proceedings of the IEEE Computer Society Conference on Computer Vision and Pattern Recognition},
    author = {Sandler, Mark and Howard, Andrew and Zhu, Menglong and Zhmoginov, Andrey and Chen, Liang-Chieh},
    month = {1},
    pages = {4510--4520},
    publisher = {IEEE Computer Society},
    url = {http://arxiv.org/abs/1801.04381},
    arxivId = {1801.04381}
}

@article{morozov2020mosmeddata,
    title = {{Mosmeddata: data set of 1110 chest ct scans performed during the covid-19 epidemic}},
    year = {2020},
    journal = {Digital Diagnostics},
    author = {Morozov, Sergey P and Andreychenko, Anna E and Blokhin, Ivan A and Gelezhe, Pavel B and Gonchar, Anna P and Nikolaev, Alexander E and Pavlov, Nikolay A and Chernina, Valeria Yu and Gombolevskiy, Victor A},
    number = {1},
    pages = {49--59},
    volume = {1}
}

@article{lin2013network,
    title = {{Network in network}},
    year = {2013},
    journal = {arXiv preprint arXiv:1312.4400},
    author = {Lin, Min and Chen, Qiang and Yan, Shuicheng}
}

@article{bahdanu2014,
    title = {{Neural machine translation by jointly learning to align and translate}},
    year = {2014},
    journal = {arXiv preprint arXiv:1409.0473},
    author = {Bahdanau, Dzmitry and Cho, Kyunghyun and Bengio, Yoshua}
}

@inproceedings{akiba2019optuna,
    title = {{Optuna: A next-generation hyperparameter optimization framework}},
    year = {2019},
    booktitle = {Proceedings of the 25th ACM SIGKDD international conference on knowledge discovery {\textbackslash}{\&} data mining},
    author = {Akiba, Takuya and Sano, Shotaro and Yanase, Toshihiko and Ohta, Takeru and Koyama, Masanori},
    pages = {2623--2631}
}

@article{dias2020orientaccoes,
    title = {{Orienta{\c{c}}√µes sobre diagn{\'{o}}stico, tratamento e isolamento de pacientes com COVID-19}},
    year = {2020},
    journal = {J Infect Control},
    author = {Dias, VMCH and Carneiro, Marcelo and Vidal, C F L and Corradi, MFDB and Brand{\~{a}}o, Denise and Cunha, C A and Chebabo, Alberto and Oliveira, P D and Michelin, Lessandra and Rocha, J L and {others}},
    number = {2},
    pages = {56--75},
    volume = {9}
}

@article{snoek2012practical,
    title = {{Practical bayesian optimization of machine learning algorithms}},
    year = {2012},
    journal = {arXiv preprint arXiv:1206.2944},
    author = {Snoek, Jasper and Larochelle, Hugo and Adams, Ryan P}
}

@article{barros2021pulmonary,
    title = {{Pulmonary COVID-19: Learning Spatiotemporal Features Combining CNN and LSTM Networks for Lung Ultrasound Video Classification}},
    year = {2021},
    journal = {Sensors},
    author = {Barros, Bruno and Lacerda, Paulo and Albuquerque, C√©lio and Conci, Aura},
    number = {16},
    pages = {5486},
    volume = {21},
    publisher = {Multidisciplinary Digital Publishing Institute}
}

@article{bergstra2012random,
    title = {{Random search for hyper-parameter optimization.}},
    year = {2012},
    journal = {Journal of machine learning research},
    author = {Bergstra, James and Bengio, Yoshua},
    number = {2},
    volume = {13}
}

@article{zaremba2014recurrent,
    title = {{Recurrent neural network regularization}},
    year = {2014},
    journal = {arXiv preprint arXiv:1409.2329},
    author = {Zaremba, Wojciech and Sutskever, Ilya and Vinyals, Oriol}
}

@article{oliveira2020sars,
    title = {{SARS-CoV-2 and the COVID-19 disease: a mini review on diagnostic methods}},
    year = {2020},
    journal = {Revista do Instituto de Medicina Tropical de Sao Paulo},
    author = {Oliveira, Beatriz Araujo and Oliveira, Lea Campos de and Sabino, Ester Cerdeira and Okay, Thelma Suely},
    volume = {62},
    publisher = {SciELO Brasil}
}

@article{fang2020sensitivity,
    title = {{Sensitivity of chest CT for COVID-19: comparison to RT-PCR}},
    year = {2020},
    journal = {Radiology},
    author = {Fang, Yicheng and Zhang, Huangqi and Xie, Jicheng and Lin, Minjie and Ying, Lingjun and Pang, Peipei and Ji, Wenbin},
    number = {2},
    pages = {E115--E117},
    volume = {296},
    publisher = {Radiological Society of North America}
}

@inproceedings{xu2015show,
    title = {{Show, attend and tell: Neural image caption generation with visual attention}},
    year = {2015},
    booktitle = {International conference on machine learning},
    author = {Xu, Kelvin and Ba, Jimmy and Kiros, Ryan and Cho, Kyunghyun and Courville, Aaron and Salakhudinov, Ruslan and Zemel, Rich and Bengio, Yoshua},
    pages = {2048--2057},
    organization = {PMLR}
}

@article{kass1988snakes,
    title = {{Snakes: Active contour models}},
    year = {1988},
    journal = {International journal of computer vision},
    author = {Kass, Michael and Witkin, Andrew and Terzopoulos, Demetri},
    number = {4},
    pages = {321--331},
    volume = {1},
    publisher = {Springer}
}

@article{he2015spatial,
    title = {{Spatial pyramid pooling in deep convolutional networks for visual recognition}},
    year = {2015},
    journal = {IEEE transactions on pattern analysis and machine intelligence},
    author = {He, Kaiming and Zhang, Xiangyu and Ren, Shaoqing and Sun, Jian},
    number = {9},
    pages = {1904--1916},
    volume = {37},
    publisher = {IEEE}
}

@article{abadi2016tensorflow,
    title = {{Tensorflow: Large-scale machine learning on heterogeneous distributed systems}},
    year = {2016},
    journal = {arXiv preprint arXiv:1603.04467},
    author = {Abadi, Mart\'\in and Agarwal, Ashish and Barham, Paul and Brevdo, Eugene and Chen, Zhifeng and Citro, Craig and Corrado, Greg S and Davis, Andy and Dean, Jeffrey and Devin, Matthieu and {others}}
}

@article{armato2011lung,
    title = {{The lung image database consortium (LIDC) and image database resource initiative (IDRI): a completed reference database of lung nodules on CT scans}},
    year = {2011},
    journal = {Medical physics},
    author = {Armato III, Samuel G and McLennan, Geoffrey and Bidaut, Luc and McNitt-Gray, Michael F and Meyer, Charles R and Reeves, Anthony P and Zhao, Binsheng and Aberle, Denise R and Henschke, Claudia I and Hoffman, Eric A and {others}},
    number = {2},
    pages = {915--931},
    volume = {38},
    publisher = {Wiley Online Library}
}

@article{rosenblatt:58,
    title = {{The perceptron: a probabilistic model for information storage and organization in the brain.}},
    year = {1958},
    journal = {Psychological review},
    author = {Rosenblatt, Frank},
    number = {6},
    pages = {386},
    volume = {65},
    publisher = {American Psychological Association}
}

@article{kovacs2020sensitivity,
    title = {{The sensitivity and specificity of chest CT in the diagnosis of COVID-19}},
    year = {2020},
    journal = {European Radiology},
    author = {Kov{\'{a}}cs, Anita and Pal{\'{a}}sti, P√©ter and Ver{\'{e}}b, D√°niel and Bozsik, Bence and Palk{\'{o}}, Andr√°s and Kincses, Zsigmond Tam√°s},
    pages = {1--6},
    publisher = {Springer}
}

@inproceedings{anguita2012k,
    title = {{The ‚ÄòK‚Äôin K-fold cross validation}},
    year = {2012},
    booktitle = {20th European Symposium on Artificial Neural Networks, Computational Intelligence and Machine Learning (ESANN)},
    author = {Anguita, Davide and Ghelardoni, Luca and Ghio, Alessandro and Oneto, Luca and Ridella, Sandro},
    pages = {441--446},
    organization = {i6doc. com publ}
}

@article{fonseca2021tomografia,
    title = {{Tomografia computadorizada de t{\'{o}}rax no diagn{\'{o}}stico de COVID-19 em pacientes com resultado falso-negativo na RT-PCR}},
    year = {2021},
    journal = {Einstein (S{\~{a}}o Paulo)},
    author = {Fonseca, Eduardo Kaiser Ururahy Nunes and Ferreira, Lorena Carneiro and Loureiro, Bruna Melo Coelho and Strabelli, Daniel Giunchetti and Farias, Lucas de P√°dua Gomes de and Queiroz, Gabriel Abrantes de and Garcia, Jos√© Vitor Rassi and Teixeira, Renato de Freitas and Gama, Victor Arcanjo Almeida and Chate, Rodrigo Caruso and {others}},
    volume = {19},
    publisher = {SciELO Brasil}
}

@article{shamshad2022transformers,
    title = {{Transformers in Medical Imaging: A Survey}},
    year = {2022},
    journal = {arXiv preprint arXiv:2201.09873},
    author = {Shamshad, Fahad and Khan, Salman and Zamir, Syed Waqas and Khan, Muhammad Haris and Hayat, Munawar and Khan, Fahad Shahbaz and Fu, Huazhu}
}

@inproceedings{wolf2016transformers,
    title = {{Transformers: State-of-the-art natural language processing}},
    year = {2020},
    booktitle = {Proceedings of the 2020 conference on empirical methods in natural language processing: system demonstrations},
    author = {Wolf, Thomas and Debut, Lysandre and Sanh, Victor and Chaumond, Julien and Delangue, Clement and Moi, Anthony and Cistac, Pierric and Rault, Tim and Louf, R√©mi and Funtowicz, Morgan and {others}},
    pages = {38--45}
}

@inproceedings{ronneberger2015u,
    title = {{U-net: Convolutional networks for biomedical image segmentation}},
    year = {2015},
    booktitle = {International Conference on Medical image computing and computer-assisted intervention},
    author = {Ronneberger, Olaf and Fischer, Philipp and Brox, Thomas},
    pages = {234--241},
    organization = {Springer}
}

@article{zech2018variable,
    title = {{Variable generalization performance of a deep learning model to detect pneumonia in chest radiographs: a cross-sectional study}},
    year = {2018},
    journal = {PLoS medicine},
    author = {Zech, John R and Badgeley, Marcus A and Liu, Manway and Costa, Anthony B and Titano, Joseph J and Oermann, Eric Karl},
    number = {11},
    pages = {e1002683},
    volume = {15},
    publisher = {Public Library of Science San Francisco, CA USA}
}

@article{zech2018variableb,
    title = {{Variable generalization performance of a deep learning model to detect pneumonia in chest radiographs: a cross-sectional study}},
    year = {2018},
    journal = {PLoS medicine},
    author = {Zech, John R and Badgeley, Marcus A and Liu, Manway and Costa, Anthony B and Titano, Joseph J and Oermann, Eric Karl},
    number = {11},
    pages = {e1002683},
    volume = {15},
    publisher = {Public Library of Science San Francisco, CA USA}
}

@article{simonyan2014very,
    title = {{Very deep convolutional networks for large-scale image recognition}},
    year = {2014},
    journal = {arXiv preprint arXiv:1409.1556},
    author = {Simonyan, Karen and Zisserman, Andrew}
}

@misc{world2020director,
    title = {{WHO Director-General‚Äôs opening remarks at the media briefing on COVID-19-11 March 2020}},
    year = {2020},
    author = {Organization, World Health and {others}},
    publisher = {Geneva, Switzerland}
}

@inproceedings{Chollet2017,
    title = {{Xception: Deep learning with depthwise separable convolutions}},
    year = {2017},
    booktitle = {Proceedings - 30th IEEE Conference on Computer Vision and Pattern Recognition, CVPR 2017},
    author = {Chollet, Fran√ßois},
    month = {11},
    pages = {1800--1807},
    volume = {2017-Janua},
    publisher = {Institute of Electrical and Electronics Engineers Inc.},
    url = {https://arxiv.org/abs/1610.02357v3},
    isbn = {9781538604571},
    doi = {10.1109/CVPR.2017.195},
    arxivId = {1610.02357}
}

@inproceedings{Lacerda2020AGrowing,
    title = {{A Parallel Method for Anatomical Structure Segmentation based on 3D Seeded Region Growing}},
    year = {2020},
    booktitle = {IEEE International Joint Conference on Neural Networks (IJCNN)},
    author = {Lacerda, Paulo and Gonzalez, Jose and Rocha, Nazareth and Seixa, Flavio and Albuquerque, Celio and Clua, Esteban and Conci, Aura}
}

@article{Kwee2020ChestKnow,
    title = {{Chest CT in COVID-19: What the Radiologist Needs to Know}},
    year = {2020},
    journal = {Radiographics : a review publication of the Radiological Society of North America, Inc},
    author = {Kwee, Thomas C. and Kwee, Robert M.},
    number = {7},
    month = {11},
    pages = {1848--1865},
    volume = {40},
    publisher = {Radiographics},
    url = {https://pubmed.ncbi.nlm.nih.gov/33095680/},
    doi = {10.1148/RG.2020200159},
    issn = {1527-1323},
    pmid = {33095680},
    keywords = {COVID-19, Clinical Protocols, Coronavirus Infections / diagnosis*, Coronavirus Infections / physiopathology, Humans, Lung / diagnostic imaging*, MEDLINE, NCBI, NIH, NLM, National Center for Biotechnology Information, National Institutes of Health, National Library of Medicine, PMC7587296, Pandemics, Pneumonia, PubMed Abstract, Radiography, Radiologists / education, Robert M Kwee, Thomas C Kwee, Thoracic*, Tomography, Viral / diagnosis*, Viral / physiopathology, X-Ray Computed*, doi:10.1148/rg.2020200159, pmid:33095680}
}